<record><leader>00000cas a22000007i 4500</leader><controlfield tag="001">506459327</controlfield><controlfield tag="006">m     o  d        </controlfield><controlfield tag="007">cr bn|---uuuuu</controlfield><controlfield tag="008">090831d18441886nduwr n o     0   a0eng d</controlfield><datafield ind1=" " ind2=" " tag="010"><subfield code="a">  2015270789</subfield></datafield><datafield ind1=" " ind2=" " tag="040"><subfield code="a">OKU</subfield><subfield code="c">OKU</subfield><subfield code="d">OCLCO</subfield><subfield code="d">DLC</subfield></datafield><datafield ind1="0" ind2=" " tag="022"><subfield code="a">2470-4555</subfield><subfield code="2">1</subfield></datafield><datafield ind1=" " ind2=" " tag="042"><subfield code="a">msc</subfield><subfield code="a">nsdp</subfield></datafield><datafield ind1=" " ind2=" " tag="043"><subfield code="a">n-us-nd</subfield></datafield><datafield ind1="1" ind2="0" tag="050"><subfield code="a">ISSN RECORD</subfield></datafield><datafield ind1="1" ind2="0" tag="082"><subfield code="a">071</subfield><subfield code="2">23</subfield></datafield><datafield ind1=" " ind2="4" tag="222"><subfield code="a">The Bad Lands cow boy</subfield><subfield code="b">(Online)</subfield></datafield><datafield ind1="0" ind2="4" tag="245"><subfield code="a">The Bad Lands cow boy.</subfield></datafield><datafield ind1="3" ind2=" " tag="246"><subfield code="a">Badlands cowboy</subfield></datafield><datafield ind1=" " ind2="1" tag="264"><subfield code="a">Little Missouri, Medora P. O., Dak. [North Dakota] :</subfield><subfield code="b">A. T. Packard,</subfield><subfield code="c">1884-1886.</subfield></datafield><datafield ind1=" " ind2=" " tag="300"><subfield code="a">1 online resource</subfield></datafield><datafield ind1=" " ind2=" " tag="310"><subfield code="a">Weekly</subfield></datafield><datafield ind1=" " ind2=" " tag="336"><subfield code="a">text</subfield><subfield code="b">txt</subfield><subfield code="2">rdacontent</subfield></datafield><datafield ind1=" " ind2=" " tag="337"><subfield code="a">computer</subfield><subfield code="b">c</subfield><subfield code="2">rdamedia</subfield></datafield><datafield ind1=" " ind2=" " tag="338"><subfield code="a">online resource</subfield><subfield code="b">cr</subfield><subfield code="2">rdacarrier</subfield></datafield><datafield ind1="1" ind2=" " tag="362"><subfield code="a">Began with volume I, number I (February 7, 1884); ceased with volume 3, number. 45 (December 23, 1886).</subfield></datafield><datafield ind1=" " ind2=" " tag="500"><subfield code="a">Published in Medora, N.D., &lt;Sept. 3&gt;, 1885-Dec. 23, 1886.</subfield></datafield><datafield ind1=" " ind2=" " tag="500"><subfield code="a">Edited by A.T. Packard.</subfield></datafield><datafield ind1="1" ind2=" " tag="535"><subfield code="a">Newberry Library, Chicago</subfield></datafield><datafield ind1=" " ind2=" " tag="588"><subfield code="a">Description based on: Volume I, number I (February 7, 1884); title from masthead (Chroniclingamerica.loc.gov, viewed January 20, 2016).</subfield></datafield><datafield ind1=" " ind2=" " tag="588"><subfield code="a">Latest issue consulted: Volume 3, number. 45 (December 23, 1886) (Chroniclingamerica.loc.gov, viewed January 20, 2016).</subfield></datafield><datafield ind1=" " ind2="0" tag="651"><subfield code="a">Little Missouri (N.D.)</subfield><subfield code="v">Newspapers.</subfield></datafield><datafield ind1=" " ind2="0" tag="651"><subfield code="a">Medora (N.D.)</subfield><subfield code="v">Newspapers.</subfield></datafield><datafield ind1="1" ind2=" " tag="700"><subfield code="a">Packard, A. T.</subfield></datafield><datafield ind1="2" ind2=" " tag="710"><subfield code="a">Newberry Library.</subfield></datafield><datafield ind1="2" ind2=" " tag="710"><subfield code="a">Adam Matthew Digital (Firm)</subfield></datafield><datafield ind1="0" ind2="8" tag="776"><subfield code="i">Originally issued in print:</subfield><subfield code="t">Bad Lands cow boy</subfield><subfield code="x">2470-4547</subfield><subfield code="w">(DLC)sn 84024777</subfield><subfield code="w">(OCoLC)1519010</subfield></datafield><datafield ind1=" " ind2="0" tag="830"><subfield code="a">American West (Marlborough, England)</subfield></datafield><datafield ind1="4" ind2=" " tag="856"><subfield code="u">http://libraries.ou.edu/access.aspx?url=http://www.americanwest.amdigital.co.uk/Contents/Document-Details.aspx?documentid=1231</subfield></datafield><datafield ind1="4" ind2="0" tag="856"><subfield code="u">http://www.loc.gov/chroniclingamerica/lccn/sn84024777/issues</subfield></datafield><datafield ind1="1" ind2=" " tag="029"><subfield code="a">NZ1</subfield><subfield code="b">14163586</subfield></datafield></record>